@inproceedings{pennington2014glove,
	author = {Jeffrey Pennington and Richard Socher and Christopher D. Manning},
	booktitle = {Empirical Methods in Natural Language Processing (EMNLP)},
	title = {GloVe: Global Vectors for Word Representation},
	year = {2014},
	pages = {1532--1543},
	url = {http://www.aclweb.org/anthology/D14-1162},
}
@article{mikolov2013distributed,
	title={Distributed representations of words and phrases and their compositionality},
	author={Mikolov, T and Dean, J},
	journal={Advances in neural information processing systems},
	year={2013}
}
@article{mikolov2013efficient,
	title={Efficient estimation of word representations in vector space},
	author={Mikolov, Tomas and Chen, Kai and Corrado, Greg and Dean, Jeffrey},
	journal={arXiv preprint arXiv:1301.3781},
	year={2013}
}
@article{collobert2011natural,
	title={Natural language processing (almost) from scratch},
	author={Collobert, Ronan and Weston, Jason and Bottou, L{\'e}on and Karlen, Michael and Kavukcuoglu, Koray and Kuksa, Pavel},
	journal={Journal of Machine Learning Research},
	volume={12},
	number={Aug},
	pages={2493--2537},
	year={2011}
}
@inproceedings{levy2014neural,
	title={Neural word embedding as implicit matrix factorization},
	author={Levy, Omer and Goldberg, Yoav},
	booktitle={Advances in neural information processing systems},
	pages={2177--2185},
	year={2014}
}

@article{hill2016learning,
	title={Learning distributed representations of sentences from unlabelled data},
	author={Hill, Felix and Cho, Kyunghyun and Korhonen, Anna},
	journal={arXiv preprint arXiv:1602.03483},
	year={2016}
}
@article{rumelhart1988learning,
	title={Learning representations by back-propagating errors},
	author={Rumelhart, David E and Hinton, Geoffrey E and Williams, Ronald J},
	journal={Cognitive modeling},
	volume={5},
	number={3},
	pages={1}
}
@phdthesis{sutskever2013training,
	title={Training recurrent neural networks},
	author={Sutskever, Ilya},
	year={2013},
	school={University of Toronto}
}
@article{bengio1994learning,
	title={Learning long-term dependencies with gradient descent is difficult},
	author={Bengio, Yoshua and Simard, Patrice and Frasconi, Paolo},
	journal={IEEE transactions on neural networks},
	volume={5},
	number={2},
	pages={157--166},
	year={1994},
	publisher={IEEE}
}
@article{hochreiter1997long,
	title={Long short-term memory},
	author={Hochreiter, Sepp and Schmidhuber, J{\"u}rgen},
	journal={Neural computation},
	volume={9},
	number={8},
	pages={1735--1780},
	year={1997},
	publisher={MIT Press}
}
@article{chung2014empirical,
	title={Empirical evaluation of gated recurrent neural networks on sequence modeling},
	author={Chung, Junyoung and Gulcehre, Caglar and Cho, KyungHyun and Bengio, Yoshua},
	journal={arXiv preprint arXiv:1412.3555},
	year={2014}
}
@article{mikolov2012statistical,
	title={Statistical language models based on neural networks},
	author={Mikolov, Tom{\'a}{\v{s}}}
}
@inproceedings{sutskever2014sequence,
	title={Sequence to sequence learning with neural networks},
	author={Sutskever, Ilya and Vinyals, Oriol and Le, Quoc V},
	booktitle={Advances in neural information processing systems},
	pages={3104--3112},
	year={2014}
}
@article{cho2014learning,
	title={Learning phrase representations using RNN encoder-decoder for statistical machine translation},
	author={Cho, Kyunghyun and Van Merri{\"e}nboer, Bart and Gulcehre, Caglar and Bahdanau, Dzmitry and Bougares, Fethi and Schwenk, Holger and Bengio, Yoshua},
	journal={arXiv preprint arXiv:1406.1078},
	year={2014}
}
@inproceedings{dai2015semi,
	title={Semi-supervised sequence learning},
	author={Dai, Andrew M and Le, Quoc V},
	booktitle={Advances in Neural Information Processing Systems},
	pages={3079--3087},
	year={2015}
}
@book{jurafsky2000speech,
	title={Speech \& language processing},
	author={Jurafsky, Dan},
	year={2000},
	publisher={Pearson Education India}
}
@article{shannon2001mathematical,
	title={A mathematical theory of communication},
	author={Shannon, Claude Elwood},
	journal={ACM SIGMOBILE Mobile Computing and Communications Review},
	volume={5},
	number={1},
	pages={3--55},
	year={2001},
	publisher={ACM}
}
@article{lehmann1992semantic,
	title={Semantic networks},
	author={Lehmann, Fritz},
	journal={Computers \& Mathematics with Applications},
	volume={23},
	number={2-5},
	pages={1--50},
	year={1992},
	publisher={Elsevier}
}
@article{bengio2009learning,
	title={Learning deep architectures for AI},
	author={Bengio, Yoshua},
	journal={Foundations and trends{\textregistered} in Machine Learning},
	volume={2},
	number={1},
	pages={1--127},
	year={2009},
	publisher={Now Publishers Inc.}
}
@article{elman1991distributed,
	title={Distributed representations, simple recurrent networks, and grammatical structure},
	author={Elman, Jeffrey L},
	journal={Machine learning},
	volume={7},
	number={2-3},
	pages={195--225},
	year={1991},
	publisher={Springer}
}
@unpublished{Goodfellow2016Book,
	title={Deep Learning},
	author={Ian Goodfellow Yoshua Bengio and Aaron Courville},
	note={Book in preparation for MIT Press},
	url={http://www.deeplearningbook.org},
	year={2016}
}
@article{sutskever2013importance,
	title={On the importance of initialization and momentum in deep learning.},
	author={Sutskever, Ilya and Martens, James and Dahl, George E and Hinton, Geoffrey E}
}
@article{kingma2014adam,
	title={Adam: A method for stochastic optimization},
	author={Kingma, Diederik and Ba, Jimmy},
	journal={arXiv preprint arXiv:1412.6980},
	year={2014}
}
@book{naumann2012art,
	title={The art of differentiating computer programs: an introduction to algorithmic differentiation},
	author={Naumann, Uwe},
	volume={24},
	year={2012},
	publisher={Siam}
}
@ARTICLE{2016arXiv160502688short,
	author = {{Theano Development Team}},
	title = "{Theano: A {Python} framework for fast computation of mathematical expressions}",
	journal = {arXiv e-prints},
	volume = {abs/1605.02688},
	primaryClass = "cs.SC",
	keywords = {Computer Science - Symbolic Computation, Computer Science - Learning, Computer Science - Mathematical Software},
	year = 2016,
	month = may,
	url = {http://arxiv.org/abs/1605.02688},
}
@misc{tensorflow2015-whitepaper,
	title={{TensorFlow}: Large-Scale Machine Learning on Heterogeneous Systems},
	url={http://tensorflow.org/},
	note={Software available from tensorflow.org},
	author={
	Mart\'{\i}n~Abadi and
	Ashish~Agarwal and
	Paul~Barham and
	Eugene~Brevdo and
	Zhifeng~Chen and
	Craig~Citro and
	Greg~S.~Corrado and
	Andy~Davis and
	Jeffrey~Dean and
	Matthieu~Devin and
	Sanjay~Ghemawat and
	Ian~Goodfellow and
	Andrew~Harp and
	Geoffrey~Irving and
	Michael~Isard and
	Yangqing Jia and
	Rafal~Jozefowicz and
	Lukasz~Kaiser and
	Manjunath~Kudlur and
	Josh~Levenberg and
	Dan~Man\'{e} and
	Rajat~Monga and
	Sherry~Moore and
	Derek~Murray and
	Chris~Olah and
	Mike~Schuster and
	Jonathon~Shlens and
	Benoit~Steiner and
	Ilya~Sutskever and
	Kunal~Talwar and
	Paul~Tucker and
	Vincent~Vanhoucke and
	Vijay~Vasudevan and
	Fernanda~Vi\'{e}gas and
	Oriol~Vinyals and
	Pete~Warden and
	Martin~Wattenberg and
	Martin~Wicke and
	Yuan~Yu and
	Xiaoqiang~Zheng},
	year={2015},
}
@article{schuster1997bidirectional,
	title={Bidirectional recurrent neural networks},
	author={Schuster, Mike and Paliwal, Kuldip K},
	journal={IEEE Transactions on Signal Processing},
	volume={45},
	number={11},
	pages={2673--2681},
	year={1997},
	publisher={IEEE}
}
@article{werbos1990backpropagation,
	title={Backpropagation through time: what it does and how to do it},
	author={Werbos, Paul J},
	journal={Proceedings of the IEEE},
	volume={78},
	number={10},
	pages={1550--1560},
	year={1990},
	publisher={IEEE}
}
@article{bourlard1988auto,
	title={Auto-association by multilayer perceptrons and singular value decomposition},
	author={Bourlard, Herv{\'e} and Kamp, Yves},
	journal={Biological cybernetics},
	volume={59},
	number={4-5},
	pages={291--294},
	year={1988},
	publisher={Springer}
}
@article{bengio2003neural,
	title={A neural probabilistic language model},
	author={Bengio, Yoshua and Ducharme, R{\'e}jean and Vincent, Pascal and Jauvin, Christian},
	journal={journal of machine learning research},
	volume={3},
	number={Feb},
	pages={1137--1155},
	year={2003}
}
@inproceedings{collobert2008unified,
	title={A unified architecture for natural language processing: Deep neural networks with multitask learning},
	author={Collobert, Ronan and Weston, Jason},
	booktitle={Proceedings of the 25th international conference on Machine learning},
	pages={160--167},
	year={2008},
	organization={ACM}
}
@article{bengio2013representation,
	title={Representation learning: A review and new perspectives},
	author={Bengio, Yoshua and Courville, Aaron and Vincent, Pascal},
	journal={IEEE transactions on pattern analysis and machine intelligence},
	volume={35},
	number={8},
	pages={1798--1828},
	year={2013},
	publisher={IEEE}
}
@inproceedings{morin2005hierarchical,
	title={Hierarchical Probabilistic Neural Network Language Model.},
	author={Morin, Frederic and Bengio, Yoshua},
	booktitle={Aistats},
	volume={5},
	pages={246--252},
	year={2005},
	organization={Citeseer}
}
@inproceedings{mikolov2013linguistic,
	title={Linguistic Regularities in Continuous Space Word Representations.},
	author={Mikolov, Tomas and Yih, Wen-tau and Zweig, Geoffrey},
	year={2013}
}
@article{mikolov2013efficient,
	title={Efficient estimation of word representations in vector space},
	author={Mikolov, Tomas and Chen, Kai and Corrado, Greg and Dean, Jeffrey},
	journal={arXiv preprint arXiv:1301.3781},
	year={2013}
}
@inproceedings{socher2011dynamic,
	title={Dynamic pooling and unfolding recursive autoencoders for paraphrase detection},
	author={Socher, Richard and Huang, Eric H and Pennin, Jeffrey and Manning, Christopher D and Ng, Andrew Y},
	booktitle={Advances in Neural Information Processing Systems},
	pages={801--809},
	year={2011}
}
@inproceedings{kiros2015skip,
	title={Skip-thought vectors},
	author={Kiros, Ryan and Zhu, Yukun and Salakhutdinov, Ruslan R and Zemel, Richard and Urtasun, Raquel and Torralba, Antonio and Fidler, Sanja},
	booktitle={Advances in neural information processing systems},
	pages={3294--3302},
	year={2015}
}
@article{cho2015using,
	title={On Using Very Large Target Vocabulary for Neural Machine Translation},
	author={Cho, S{\'e}bastien Jean Kyunghyun and Memisevic, Roland and Bengio, Yoshua}
}
@article{bengio2008adaptive,
	title={Adaptive importance sampling to accelerate training of a neural probabilistic language model},
	author={Bengio, Yoshua and Sen{\'e}cal, Jean-S{\'e}bastien},
	journal={IEEE Transactions on Neural Networks},
	volume={19},
	number={4},
	pages={713--722},
	year={2008},
	publisher={IEEE}
}
@book{murphy2012machine,
	title={Machine learning: a probabilistic perspective},
	author={Murphy, Kevin P},
	year={2012}
}
@inproceedings{bengio2003quick,
	title={Quick Training of Probabilistic Neural Nets by Importance Sampling.},
	author={Bengio, Yoshua and others}
}
@article{viterbi1967error,
	title={Error bounds for convolutional codes and an asymptotically optimum decoding algorithm},
	author={Viterbi, Andrew},
	journal={IEEE transactions on Information Theory},
	volume={13},
	number={2},
	pages={260--269},
	year={1967},
	publisher={IEEE}
}

@book{russell2003artificial,
	title={Artificial intelligence: a modern approach},
	author={Russell, Stuart Jonathan and Norvig, Peter},
	volume={2}
}

@book{koehn2009statistical,
	title={Statistical machine translation},
	author={Koehn, Philipp},
	year={2009},
	publisher={Cambridge University Press}
}
@inproceedings{zhang2014bilingually,
	title={Bilingually-constrained Phrase Embeddings for Machine Translation.},
	author={Zhang, Jiajun and Liu, Shujie and Li, Mu and Zhou, Ming and Zong, Chengqing and others}
}
@article{luong2015multi,
	title={Multi-task sequence to sequence learning},
	author={Luong, Minh-Thang and Le, Quoc V and Sutskever, Ilya and Vinyals, Oriol and Kaiser, Lukasz},
	journal={arXiv preprint arXiv:1511.06114},
	year={2015}
}
@inproceedings{dong2015multi,
	title={Multi-task learning for multiple language translation},
	author={Dong, Daxiang and Wu, Hua and He, Wei and Yu, Dianhai and Wang, Haifeng}
}
@article{brown1992estimate,
	title={An estimate of an upper bound for the entropy of English},
	author={Brown, Peter F and Pietra, Vincent J Della and Mercer, Robert L and Pietra, Stephen A Della and Lai, Jennifer C},
	journal={Computational Linguistics},
	volume={18},
	number={1},
	pages={31--40},
	year={1992},
	publisher={MIT Press}
}
@inproceedings{papineni2002bleu,
	title={BLEU: a method for automatic evaluation of machine translation},
	author={Papineni, Kishore and Roukos, Salim and Ward, Todd and Zhu, Wei-Jing},
	booktitle={Proceedings of the 40th annual meeting on association for computational linguistics},
	pages={311--318},
	year={2002},
	organization={Association for Computational Linguistics}
}
@article{pascanu2013difficulty,
	title={On the difficulty of training recurrent neural networks.},
	author={Pascanu, Razvan and Mikolov, Tomas and Bengio, Yoshua}
}
@article{mou2015recognizing,
	title={Recognizing entailment and contradiction by tree-based convolution},
	author={Mou, Lili and Rui, Men and Li, Ge and Xu, Yan and Zhang, Lu and Yan, Rui and Jin, Zhi},
	journal={arXiv preprint arXiv:1512.08422},
	year={2015}
}
@inproceedings{snli:emnlp2015,
	Author = {Bowman, Samuel R. and Angeli, Gabor and Potts, Christopher, and Manning, Christopher D.},
	Booktitle = {Proceedings of the 2015 Conference on Empirical Methods in Natural Language Processing (EMNLP)},
	Publisher = {Association for Computational Linguistics},
	Title = {A large annotated corpus for learning natural language inference},
	Year = {2015}
}
@inproceedings{pang2005seeing,
	title={Seeing stars: Exploiting class relationships for sentiment categorization with respect to rating scales},
	author={Pang, Bo and Lee, Lillian},
	booktitle={Proceedings of the 43rd annual meeting on association for computational linguistics},
	pages={115--124},
	year={2005},
	organization={Association for Computational Linguistics}
}
@inproceedings{koehn2005europarl,
	title={Europarl: A parallel corpus for statistical machine translation},
	author={Koehn, Philipp},
	booktitle={MT summit},
	volume={5},
	pages={79--86},
	year={2005}
}
@article{liu2016learning,
	title={Learning Natural Language Inference using Bidirectional LSTM model and Inner-Attention},
	author={Liu, Yang and Sun, Chengjie and Lin, Lei and Wang, Xiaolong},
	journal={arXiv preprint arXiv:1605.09090},
	year={2016}
}
@article{pascanu2013construct,
	title={How to construct deep recurrent neural networks},
	author={Pascanu, Razvan and Gulcehre, Caglar and Cho, Kyunghyun and Bengio, Yoshua},
	journal={arXiv preprint arXiv:1312.6026},
	year={2013}
}
@inproceedings{dean2012large,
	title={Large scale distributed deep networks},
	author={Dean, Jeffrey and Corrado, Greg and Monga, Rajat and Chen, Kai and Devin, Matthieu and Mao, Mark and Senior, Andrew and Tucker, Paul and Yang, Ke and Le, Quoc V and others},
	booktitle={Advances in neural information processing systems},
	pages={1223--1231},
	year={2012}
}
@article{bahdanau2014neural,
	title={Neural machine translation by jointly learning to align and translate},
	author={Bahdanau, Dzmitry and Cho, Kyunghyun and Bengio, Yoshua},
	journal={arXiv preprint arXiv:1409.0473},
	year={2014}
}